@book{texbook,
  author = {Donald E. Knuth},
  year = {1986},
  title = {The \TeX{} Book},
  publisher = {Addison-Wesley Professional}
}

@ARTICLE{feedforwardsize,
  author={Bebis, G. and Georgiopoulos, M.},
  journal={IEEE Potentials}, 
  title={Feed-forward neural networks}, 
  year={1994},
  volume={13},
  number={4},
  pages={27-31},
  doi={10.1109/45.329294}
}

@misc{chatbottensorflow,
  author       = {George Kassabgi},
  howpublished = {Chatbots Magazine},
  title        = {Contextual Chatbots with Tensorflow},
  year         = {2017}
}

@article{abdul2015survey,
  title={Survey on chatbot design techniques in speech conversation systems},
  author={Abdul-Kader, Sameera A and Woods, John C},
  journal={International Journal of Advanced Computer Science and Applications},
  volume={6},
  number={7},
  year={2015},
  publisher={The Science and Information (SAI) Organization}
}
